% Encoding: UTF-8


@book{Heesen.2014,
 author = {Heesen, Bernd},
 year = {2014},
 title = {Wissenschaftliches Arbeiten: Methodenwissen f{\"u}r das Bachelor-, Master- und Promotionsstudium},
 price = {EUR 14.99 (DE)},
 address = {Berlin},
 edition = {3., durchges. und erg. Aufl.},
 publisher = {{Springer Gabler}},
 isbn = {9783662433478},
 file = {http://www.gbv.de/dms/tib-ub-hannover/787683078.pdf}
}

@book{Rettig.2017,
 author = {Rettig, Heike},
 year = {2017},
 title = {Wissenschaftliche Arbeiten schreiben},
 address = {Stuttgart},
 publisher = {{J.B. Metzler Verlag}},
 isbn = {9783476044891},
 series = {Schl{\"u}sselkompetenzen},
 doi = {10.1007/978-3-476-04490-7}
}


@MISC{Umit_plag,
author = {Senat der UMIT Hall},
  title = {Plagiatsrichtlinie {UMIT}},
  year = 2012,
   howpublished = {\url{https://www.umit-tirol.at//data.cfm?vpath=stuma/0529-umit-plagiatsrichtliniepdf37531}},
note={Abgerufen am 03.06.2020} 
}




